@book{SakuraiQM,
    author    = "Sakurai, J.",
    title     = "Modern Quantum Mechanics",
    year      = "2010",
    publisher = "Pearson",
}

@article{CN,
    author =       "Crank, J. and Nicolson, P.",
    title =        "A practical method for numerical evaluation of solutions of partial differential equations of heat-conduction type",
    journal =      "Advances in Computational Mathematics",
    volume =       "43",
    number =       "1",
    pages =        "50--67",
    year =         "1947",
    DOI =          "https://doi.org/10.1017/S0305004100023197"
}

@misc{DoubleSlitExperiment,
    author    = "Schombert, J.",
    title     = "Two-Slit Experiments",
    url       = "http://abyss.uoregon.edu/~js/21st_century_science/lectures/lec13.html"
}
